@article{king2001,
  title={Analyzing incomplete political science data: An alternative algorithm for multiple imputation},
  author={King, Gary and Honaker, James and Joseph, Anne and Scheve, Kenneth},
  journal={American political science review},
  pages={49--69},
  year={2001},
  publisher={JSTOR}
}

